<record><leader>00000cas a22000004a 4500</leader><controlfield tag="001">47910633</controlfield><controlfield tag="008">010905d17961797nyudn nea     0    0eng d</controlfield><datafield ind1=" " ind2=" " tag="010"><subfield code="a">  2001235295</subfield></datafield><datafield ind1=" " ind2=" " tag="040"><subfield code="a">CLE</subfield><subfield code="b">eng</subfield><subfield code="c">CLE</subfield><subfield code="d">HLS</subfield><subfield code="d">OCLCQ</subfield><subfield code="d">OCLCG</subfield><subfield code="d">OCLCF</subfield><subfield code="d">OCLCO</subfield><subfield code="d">OCLCQ</subfield></datafield><datafield ind1=" " ind2=" " tag="043"><subfield code="a">n-us-ny</subfield></datafield><datafield ind1=" " ind2="4" tag="050"><subfield code="a">AN38.N3</subfield><subfield code="b">M4</subfield></datafield><datafield ind1="0" ind2=" " tag="130"><subfield code="a">Diary (New York, N.Y. : 1796)</subfield></datafield><datafield ind1="1" ind2="4" tag="245"><subfield code="a">The diary.</subfield></datafield><datafield ind1=" " ind2=" " tag="260"><subfield code="a">New York [N.Y.] :</subfield><subfield code="b">Cornelius C. Van Alen &amp; Co.,</subfield><subfield code="c">1796-1797.</subfield></datafield><datafield ind1=" " ind2=" " tag="300"><subfield code="a">volumes :</subfield><subfield code="b">illustrations (chiefly advertisements) ;</subfield><subfield code="c">50 cm</subfield></datafield><datafield ind1=" " ind2=" " tag="310"><subfield code="a">Daily (except Sun.)</subfield></datafield><datafield ind1=" " ind2=" " tag="336"><subfield code="a">text</subfield><subfield code="b">txt</subfield><subfield code="2">rdacontent</subfield></datafield><datafield ind1=" " ind2=" " tag="337"><subfield code="a">microform</subfield><subfield code="b">h</subfield><subfield code="2">rdamedia</subfield></datafield><datafield ind1=" " ind2=" " tag="338"><subfield code="a">microfilm reel</subfield><subfield code="b">hd</subfield><subfield code="2">rdacarrier</subfield></datafield><datafield ind1="0" ind2=" " tag="362"><subfield code="a">No. 1225 (Feb. 1, 1796)-no. 1579 (Mar. 18, 1797).</subfield></datafield><datafield ind1=" " ind2=" " tag="500"><subfield code="a">Publishers: Cornelius C. Van Alen &amp; Co., 1796-1797; Crookes &amp; Saunders, 1797.</subfield></datafield><datafield ind1=" " ind2=" " tag="504"><subfield code="a">Includes bibliographical references (Evans 30344; Brigham, C.S. Amer. newspapers, page 627).</subfield></datafield><datafield ind1=" " ind2=" " tag="533"><subfield code="a">Microfilm.</subfield><subfield code="b">New Canaan, Ct. :</subfield><subfield code="c">Readex Microprint Corp.,</subfield><subfield code="e">microfilm reels ; 35 mm.</subfield><subfield code="f">(Early American newspapers).</subfield></datafield><datafield ind1=" " ind2="0" tag="651"><subfield code="a">New York (N.Y.)</subfield><subfield code="v">Newspapers.</subfield></datafield><datafield ind1=" " ind2="7" tag="651"><subfield code="a">New York (State)</subfield><subfield code="z">New York.</subfield><subfield code="2">fast</subfield><subfield code="0">(OCoLC)fst01204333</subfield></datafield><datafield ind1=" " ind2="7" tag="655"><subfield code="a">Newspapers.</subfield><subfield code="2">fast</subfield><subfield code="0">(OCoLC)fst01423814</subfield></datafield><datafield ind1="1" ind2=" " tag="700"><subfield code="a">Van Alen, Cornelius Clopper.</subfield></datafield><datafield ind1="1" ind2=" " tag="700"><subfield code="a">Crookes, John,</subfield><subfield code="d">1769?-1818.</subfield></datafield><datafield ind1="1" ind2=" " tag="700"><subfield code="a">Saunders, Robert.</subfield></datafield><datafield ind1=" " ind2=" " tag="752"><subfield code="a">United States</subfield><subfield code="b">New York</subfield><subfield code="c">New York</subfield><subfield code="d">New York.</subfield></datafield><datafield ind1="1" ind2=" " tag="776"><subfield code="a">Diary (New York, N.Y. : 1796)</subfield><subfield code="w">(DLC)sn 83030158</subfield><subfield code="w">(OCoLC)9363330</subfield></datafield><datafield ind1="0" ind2="0" tag="780"><subfield code="t">Diary, &amp; universal advertiser</subfield><subfield code="w">(OCoLC)9363211</subfield></datafield><datafield ind1="0" ind2="0" tag="785"><subfield code="t">Diary and mercantile advertiser</subfield><subfield code="w">(DLC)  2001235296</subfield><subfield code="w">(OCoLC)47910899</subfield></datafield><datafield ind1=" " ind2="0" tag="830"><subfield code="a">Early American newspapers.</subfield></datafield></record>